@inproceedings{NaessethEtAl2016,
  title={Reparameterization gradients through acceptance-rejection sampling algorithms},
  author={Naesseth, Christian A and Ruiz, Francisco JR and Linderman, Scott W and Blei, David M},
  booktitle={International Conference on Artificial Intelligence and Statistics},
  year={2016}
}

@inproceedings{RuizEtAl2016,
  title={The generalized reparameterization gradient},
  author={Ruiz, Francisco R and AUEB, Michalis Titsias RC and Blei, David},
  booktitle={Advances in neural information processing systems},
  year={2016}
}

@inproceedings{MaaloeEtAl2016,
  title={Auxiliary deep generative models},
  author={Maal{\o}e, Lars and S{\o}nderby, Casper Kaae and S{\o}nderby, S{\o}ren Kaae and Winther, Ole},
  booktitle={International Conference on Machine Learning},
  year={2016}
}

@inproceedings{MillerEtAl2017,
  title={Variational boosting: Iteratively refining posterior approximations},
  author={Miller, Andrew C and Foti, Nicholas J and Adams, Ryan P},
  booktitle={International Conference on Machine Learning},
  year={2017},
}

@article{GuoEtAl2016,
  title={Boosting variational inference},
  author={Guo, Fangjian and Wang, Xiangyu and Fan, Kai and Broderick, Tamara and Dunson, David B},
  journal={arXiv preprint arXiv:1611.05559},
  year={2016}
}

@article{SalimansKnowles2013,
  title={Fixed-form variational posterior approximation through stochastic linear regression},
  author={Salimans, Tim and Knowles, David },
  journal={{Bayesian} Analysis},
  volume={8},
  number={4},
  pages={837--882},
  year={2013},
}

@inproceedings{GershmanEtAl2012,
  title={Nonparametric variational inference},
  author={Gershman, Samuel and Hoffman, Matt and Blei, David},
  booktitle={International Conference on Machine Learning},
  year={2012}
}

@inproceedings{BishopEtAl1998,
  title={Approximating posterior distributions in belief networks using mixtures},
  author={Bishop, Christopher M and Lawrence, Neil D and Jaakkola, Tommi and Jordan, Michael I},
  booktitle={Advances in neural information processing systems},
  year={1998}
}


@article{LueckmannEtAl2018,
  title={Likelihood-free inference with emulator networks},
  author={Lueckmann, Jan-Matthis and Bassetto, Giacomo and Karaletsos, Theofanis and Macke, Jakob H},
  journal={arXiv preprint arXiv:1805.09294},
  year={2018}
}

@inproceedings{ShiEtAl2018,
  title={Kernel implicit variational inference},
  author={Shi, Jiaxin and Sun, Shengyang and Zhu, Jun},
  booktitle={International Conference on Learning Representations},
  year={2018}
}

@inproceedings{MeschederEtAl2017,
  title={Adversarial variational {Bayes}: Unifying variational autoencoders and generative adversarial networks},
  author={Mescheder, Lars and Nowozin, Sebastian and Geiger, Andreas},
  booktitle={International Conference on Machine Learning},
  year={2017},
}

@inproceedings{LiTurner2018,
  title={Gradient estimators for implicit models},
  author={Li, Yingzhen and Turner, Richard E},
  booktitle={International Conference on Learning Representations},
  year={2018}
}

@inproceedings{TranEtAl2017,
  title={Hierarchical implicit models and likelihood-free variational inference},
  author={Tran, Dustin and Ranganath, Rajesh and Blei, David},
  booktitle={Advances in Neural Information Processing Systems},
  pages={5523--5533},
  year={2017}
}

@article{huszar2017,
  title={Variational inference using implicit distributions},
  author={Husz{\'a}r, Ferenc},
  journal={arXiv preprint arXiv:1702.08235},
  year={2017}
}

@inproceedings{NowozinEtAl2016,
  title={f-{GAN}: Training generative neural samplers using variational divergence minimization},
  author={Nowozin, Sebastian and Cseke, Botond and Tomioka, Ryota},
  booktitle={Advances in neural information processing systems},
  year={2016}
}

@article{MohamedLakshminarayanan2016,
  title={Learning in implicit generative models},
  author={Mohamed, Shakir and Lakshminarayanan, Balaji},
  journal={arXiv preprint arXiv:1610.03483},
  year={2016}
}

@inproceedings{TranEtAl2015,
  title={The variational {Gaussian} process},
  author={Tran, Dustin and Ranganath, Rajesh and Blei, David M},
  booktitle={International Conference on Learning Representations},
  year={2015}
}


@inproceedings{VincentEtAl2008,
  title={Extracting and composing robust features with denoising autoencoders},
  author={Vincent, Pascal and Larochelle, Hugo and Bengio, Yoshua and Manzagol, Pierre-Antoine},
  booktitle={Proceedings of the 25th international conference on Machine learning},
  year={2008},
}

@inproceedings{GalGhahramani2016,
  title={Dropout as a {Bayesian} approximation: Representing model uncertainty in deep learning},
  author={Gal, Yarin and Ghahramani, Zoubin},
  booktitle={International Conference on Machine Learning},
  year={2016}
}

@inproceedings{hernandezAdams2015,
  title={Probabilistic backpropagation for scalable learning of {Bayesian} neural networks},
  author={Hern{\'a}ndez-Lobato, Jos{\'e} Miguel and Adams, Ryan},
  booktitle={International Conference on Machine Learning},
  year={2015}
}

@inproceedings{KingmaBa2015,
  title={Adam: A Method for Stochastic Optimization},
  author={Diederik P. Kingma and Jimmy Ba},
  booktitle={International Conference on Learning Representations},
  year={2015}
}

@online{XiaoEtAl2017,
  author       = {Han Xiao and Kashif Rasul and Roland Vollgraf},
  title        = {{Fashion}-{MNIST}: a Novel Image Dataset for Benchmarking Machine Learning Algorithms},
  year         = {2017},
  eprintclass  = {cs.LG},
  eprinttype   = {arXiv},
  eprint       = {cs.LG/1708.07747},
}

@inproceedings{SalakhutdinovMurray2008,
  title={On the quantitative analysis of deep belief networks},
  author={Salakhutdinov, Ruslan and Murray, Iain},
  booktitle={Proceedings of the 25th international conference on Machine learning},
  year={2008},
}

@book{Federer1969,
  author = {Federer, Herbert},
  publisher = {Springer-Verlag New York {Inc.}},
  title = {Geometric measure theory},
  year = 1969
}

@book{Arfken1985,
  author = {Arfken, George},
  publisher = {Academic Press, {Inc.}},
  title = {Mathematical Methods for Physicists},
  year = 1985
}

@inproceedings{AgakovBarber2004,
  title={An auxiliary variational method},
  author={Agakov, Felix V and Barber, David},
  booktitle={International Conference on Neural Information Processing},
  year={2004},
}

@inproceedings{RanganathEtAl2016,
  title={Hierarchical variational models},
  author={Ranganath, Rajesh and Tran, Dustin and Blei, David},
  booktitle={International Conference on Machine Learning},
  year={2016}
}

@inproceedings{TitsiasRuiz2019,
  title={Unbiased Implicit Variational Inference},
  author={Titsias, Michalis K and Ruiz, Francisco JR},
  booktitle={International  Conference  on  Artificial Intelligence and Statistics},
  year={2019}
}

@inproceedings{MolchanovEtAl2019,
  title={Doubly semi-implicit variational inference},
  author={Molchanov, Dmitry and Kharitonov, Valery and Sobolev, Artem and Vetrov, Dmitry},
  booktitle={International  Conference  on  Artificial Intelligence and Statistics},
  year={2019}
}

@inproceedings{YinZhou2018,
  title={Semi-implicit variational inference},
  author={Yin, Mingzhang and Zhou, Mingyuan},
  booktitle={International Conference on Machine Learning},
  year={2018}
}

@inproceedings{HuangEtAl2018,
  title={Neural autoregressive flows},
  author={Huang, Chin-Wei and Krueger, David and Lacoste, Alexandre and Courville, Aaron},
  booktitle={International Conference on Machine Learning},
  year={2018}
}

@inproceedings{KingmaEtAl2016,
  title={Improved variational inference with inverse autoregressive flow},
  author={Kingma, Durk P and Salimans, Tim and Jozefowicz, Rafal and Chen, Xi and Sutskever, Ilya and Welling, Max},
  booktitle={Advances in neural information processing systems},
  pages={4743--4751},
  year={2016}
}

@inproceedings{DinhEtAl2017,
  title={Density estimation using real {NVP}},
  author={Dinh, Laurent and Sohl-Dickstein, Jascha and Bengio, Samy},
  booktitle={International Conference on Learning Representations},
  year={2017}
}

@inproceedings{JimenezRezendeMohamed2015,
  title={Variational inference with normalizing flows},
  author={Jimenez Rezende, Danilo and Mohamed, Shakir},
  booktitle={International Conference on Machine Learning},
  year={2015}
}

@inproceedings{KingmaWelling2014,
  title={Auto-encoding variational {Bayes}},
  author={Kingma, Diederik P and Welling, Max},
  booktitle={International Conference on Learning Representations},
  year={2014}
}

@inproceedings{FigurnovEtAl2018,
title = {Implicit Reparameterization Gradients},
author = {Figurnov, Mikhail and Mohamed, Shakir and Mnih, Andriy},
booktitle = {Advances in Neural Information Processing Systems 31},
year = {2018},
}
